ISA*00*          *00*          *ZZ*MEDICARE       *ZZ*ACMEBILL       *240615*1200*^*00501*000000002*0*P*:~
GS*HP*MEDICARE*ACMEBILL*20240615*1200*1*X*005010X221A1~
ST*835*0001*005010X221A1~
BPR*I*400.00*C*ACH*CCP*01*999999999*DA*123456789*1512345678**01*888888888*DA*987654321*20240615~
TRN*1*CHK10001*1512345678~
N1*PR*MEDICARE~
N3*PO BOX 100~
N4*BALTIMORE*MD*21201~
N1*PE*RIVERSIDE CLINIC*XX*1234567893~
LX*1~
CLP*CLAIM1001*1*250.00*200.00*50.00*MB*PCN1001*11~
CAS*CO*45*50.00~
NM1*QC*1*DOE*JOHN****MI*MRN0001~
DTM*232*20240515~
SVC*HC:99213*250.00*200.00**1~
DTM*472*20240515~
CLP*CLAIM1002*1*480.00*200.00*0.00*MB*PCN1002*11~
CAS*CO*45*100.00~
CAS*PR*1*180.00~
NM1*QC*1*ROE*MARY****MI*MRN0002~
DTM*232*20240520~
SVC*HC:99214*480.00*200.00**1~
DTM*472*20240520~
SE*22*0001~
GE*1*1~
IEA*1*000000002~
